@article{londe2017golden,
  title={Golden codes: quantum LDPC codes built from regular tessellations of hyperbolic 4-manifolds},
  author={Londe, Vivien and Leverrier, Anthony},
  journal={arXiv preprint arXiv:1712.08578},
  year={2017}
}

@article{guth2014quantum,
  title={Quantum error correcting codes and 4-di  mensional arithmetic hyperbolic manifolds},
  author={Guth, Larry and Lubotzky, Alexander},
  journal={Journal of Mathematical Physics},
  volume={55},
  number={8},
  pages={082202},
  year={2014},
  publisher={American Institute of Physics}
}


@article{hastings2016quantum,
  title={Quantum codes from high-dimensional manifolds},
  author={Hastings, Matthew B},
  journal={arXiv preprint arXiv:1608.05089},
  year={2016}
}

@article{fetaya2011homological,
  title={Homological error correcting codes and systolic geometry},
  author={Fetaya, Ethan},
  journal={arXiv preprint arXiv:1108.2886},
  year={2011}
}

@article{freedman2002z2,
  title={Z2-systolic freedom and quantum codes},
  author={Freedman, Michael H and Meyer, David A and Luo, Feng},
  journal={Mathematics of quantum computation, Chapman \& Hall/CRC},
  pages={287--320},
  year={2002}
}

@phdthesis{breuckmann2017homological,
  title={Homological quantum codes beyond the toric code},
  author={Breuckmann, Nikolas P},
  year={2017},
  school={RWTH Aachen University}
}

@inproceedings{hastings2021fiber,
  title={Fiber bundle codes: breaking the n 1/2 polylog (n) barrier for Quantum LDPC codes},
  author={Hastings, Matthew B and Haah, Jeongwan and O'Donnell, Ryan},
  booktitle={Proceedings of the 53rd Annual ACM SIGACT Symposium on Theory of Computing},
  pages={1276--1288},
  year={2021}
}

@inproceedings{bravyi2014homological,
  title={Homological product codes},
  author={Bravyi, Sergey and Hastings, Matthew B},
  booktitle={Proceedings of the forty-sixth annual ACM symposium on Theory of computing},
  pages={273--282},
  year={2014}
}

@article{delfosse2021union,
  title={Union-find decoders for homological product codes},
  author={Delfosse, Nicolas and Hastings, Matthew B},
  journal={Quantum},
  volume={5},
  pages={406},
  year={2021},
  publisher={Verein zur F{\"o}rderung des Open Access Publizierens in den Quantenwissenschaften}
}

@article{breuckmann2021quantum,
  title={Quantum low-density parity-check codes},
  author={Breuckmann, Nikolas P and Eberhardt, Jens Niklas},
  journal={PRX Quantum},
  volume={2},
  number={4},
  pages={040101},
  year={2021},
  publisher={APS}
}

